@misc {CleverAlgs,
	author = "Jason Brownlee",
	title = "{Clever Algorithms: Nature-Inspired Programming Recipes}",
	howpublished = "\url{http://www.cleveralgorithms.com}",
}

@misc {SPEA2_1,
	author = "Rahman Ghararia and Navid Poursalehib and Mohammadreza Abbasib and Mahdi Aghaie",
	title = "{Implementation of Strength Pareto Evolutionary Algorithm II in the Multiobjective Burnable Poison Placement Optimization of KWU Pressurized Water Reactor}",
	howpublished = "\url{https://www.sciencedirect.com/science/article/pii/S1738573316300493#bib14}",
}

@misc {SPEA2_2,
	author = "Fuqing Zhao",
	title = "{An Improved SPEA2 Algorithm with Adaptive Selection of Evolutionary Operators Scheme for Multiobjective Optimization Problems}",
	howpublished = "\url{https://www.hindawi.com/journals/mpe/2016/8010346/}",
}

@misc {NSGA,
	author = "Kheireddine Lamamra and Khaled Belarbi and Ahmed  Belhani and Souaad Boukhtini",
	title = "{NSGA2 based of multi-criteria decision analysis for multi-objective optimization of fuzzy logic controller for non linear system}",
	howpublished = "\url{https://www.researchgate.net/publication/286493028_NSGA2_based_of_multi-criteria_decision_analysis_for_multi-objective_optimization_of_fuzzy_logic_controller_for_non_linear_system}",
}

@misc {PESA,
	author = "David Corne and Joshua Damian Knowles and Martin J. Oates",
	title = "{NSGA2 based of multi-criteria decision analysis for multi-objective optimization of fuzzy logic controller for non linear system}",
	howpublished = "\url{The Pareto Envelop-based Selection Algorithm for Multi-Objective Optimization}",
}